[gd_scene load_steps=8 format=1]

[ext_resource path="res://scenes/module/module.gd" type="Script" id=1]
[ext_resource path="res://scenes/module/module.png" type="Texture" id=2]
[ext_resource path="res://scenes/module/thruster.png" type="Texture" id=3]
[ext_resource path="res://scenes/module/flames.png" type="Texture" id=4]
[ext_resource path="res://scenes/module/module_sounds.tres" type="SampleLibrary" id=5]

[sub_resource type="RectangleShape2D" id=1]

custom_solver_bias = 0.0
extents = Vector2( 32, 32 )

[sub_resource type="Animation" id=2]

length = 1.0
loop = true
step = 0.1
tracks/0/type = "value"
tracks/0/path = NodePath("thruster/flames:modulate")
tracks/0/interp = 1
tracks/0/imported = false
tracks/0/keys = {
"times": FloatArray( 0, 0.5, 1 ),
"transitions": FloatArray( 1, 1, 1 ),
"update": 0,
"values": [ Color( 1, 1, 1, 1 ), Color( 1, 1, 1, 0.196078 ), Color( 1, 1, 1, 1 ) ]
}

[node name="module" type="Node2D"]

script/script = ExtResource( 1 )
__meta__ = {
"_edit_group_": true
}
type = "EMPTY"

[node name="sprite" type="Sprite" parent="."]

transform/scale = Vector2( 0.64, 0.64 )
texture = ExtResource( 2 )

[node name="area2d" type="Area2D" parent="."]

input/pickable = true
shapes/0/shape = SubResource( 1 )
shapes/0/transform = Matrix32( 1, 0, 0, 1, 0, 0 )
shapes/0/trigger = false
gravity_vec = Vector2( 0, 1 )
gravity = 98.0
linear_damp = 0.1
angular_damp = 1.0
__meta__ = {
"_edit_group_": true
}

[node name="collision" type="CollisionShape2D" parent="area2d"]

shape = SubResource( 1 )
trigger = false
_update_shape_index = 0

[node name="thruster" type="Node2D" parent="."]

transform/pos = Vector2( -48, 0 )
transform/scale = Vector2( 1, 0.5 )
__meta__ = {
"_edit_group_": true
}

[node name="sprite" type="Sprite" parent="thruster"]

transform/pos = Vector2( 8, 9.53674e-07 )
transform/scale = Vector2( 0.75, 0.727273 )
z/z = -1
texture = ExtResource( 3 )

[node name="flames" type="Sprite" parent="thruster"]

transform/pos = Vector2( -16, 1.90735e-06 )
transform/rot = 90.0
transform/scale = Vector2( 2.28571, 1.3913 )
z/z = -2
texture = ExtResource( 4 )
modulate = Color( 1, 1, 1, 0.196078 )

[node name="animations" type="AnimationPlayer" parent="."]

playback/process_mode = 1
playback/default_blend_time = 0.0
root/root = NodePath("..")
anims/thruster = SubResource( 2 )
playback/active = true
playback/speed = 0.5
blend_times = [  ]
autoplay = "thruster"

[node name="sounds" type="SamplePlayer" parent="."]

config/polyphony = 1
config/samples = ExtResource( 5 )
default/volume_db = -35.0
default/pitch_scale = 1.0
default/pan = 0.0
default/depth = 0.0
default/height = 0.0
default/filter/type = 0
default/filter/cutoff = 5000.0
default/filter/resonance = 1.0
default/filter/gain = 1.0
default/reverb_room = 2
default/reverb_send = 0.0
default/chorus_send = 0.0

[connection signal="input_event" from="area2d" to="." method="_on_area2d_input_event"]


