[gd_scene load_steps=5 format=1]

[ext_resource path="res://gui/main_menu/main_menu.gd" type="Script" id=1]
[ext_resource path="res://gui/main_menu/metalPanel_blue.png" type="Texture" id=2]
[ext_resource path="res://gui/main_menu/kenney_mini.tres" type="DynamicFont" id=3]
[ext_resource path="res://gui/main_menu/Retro Mystic.ogg" type="AudioStream" id=4]

[node name="main_menu" type="Node2D"]

script/script = ExtResource( 1 )

[node name="panel" type="Patch9Frame" parent="."]

anchor/right = 1
anchor/bottom = 1
focus/ignore_mouse = true
focus/stop_mouse = true
size_flags/horizontal = 2
size_flags/vertical = 2
margin/left = 512.0
margin/top = 192.0
margin/right = -704.0
margin/bottom = -416.0
texture = ExtResource( 2 )
patch_margin/left = 16
patch_margin/top = 32
patch_margin/right = 16
patch_margin/bottom = 16
__meta__ = {
"_edit_group_": true
}

[node name="title" type="Label" parent="panel"]

focus/ignore_mouse = true
focus/stop_mouse = true
size_flags/horizontal = 2
size_flags/vertical = 0
margin/left = 64.0
margin/top = 0.0
margin/right = 192.0
margin/bottom = 20.0
custom_fonts/font = ExtResource( 3 )
text = "Space Game"
align = 1
valign = 1
percent_visible = 1.0
lines_skipped = 0
max_lines_visible = -1

[node name="buttons" type="Control" parent="panel"]

focus/ignore_mouse = false
focus/stop_mouse = true
size_flags/horizontal = 2
size_flags/vertical = 2
margin/left = 64.0
margin/top = 72.0
margin/right = 192.0
margin/bottom = 240.0

[node name="play" type="Button" parent="panel/buttons"]

focus/ignore_mouse = false
focus/stop_mouse = true
size_flags/horizontal = 2
size_flags/vertical = 2
margin/left = 0.0
margin/top = 0.0
margin/right = 128.0
margin/bottom = 26.0
custom_fonts/font = ExtResource( 3 )
toggle_mode = false
enabled_focus_mode = 2
shortcut = null
text = "Play"
flat = false

[node name="settings" type="Button" parent="panel/buttons"]

focus/ignore_mouse = false
focus/stop_mouse = true
size_flags/horizontal = 2
size_flags/vertical = 2
margin/left = 0.0
margin/top = 48.0
margin/right = 128.0
margin/bottom = 74.0
custom_fonts/font = ExtResource( 3 )
toggle_mode = false
enabled_focus_mode = 2
shortcut = null
text = "Settings"
flat = false

[node name="about" type="Button" parent="panel/buttons"]

focus/ignore_mouse = false
focus/stop_mouse = true
size_flags/horizontal = 2
size_flags/vertical = 2
margin/left = 0.0
margin/top = 96.0
margin/right = 128.0
margin/bottom = 122.0
custom_fonts/font = ExtResource( 3 )
toggle_mode = false
enabled_focus_mode = 2
shortcut = null
text = "About"
flat = false

[node name="quit" type="Button" parent="panel/buttons"]

focus/ignore_mouse = false
focus/stop_mouse = true
size_flags/horizontal = 2
size_flags/vertical = 2
margin/left = 0.0
margin/top = 144.0
margin/right = 128.0
margin/bottom = 170.0
custom_fonts/font = ExtResource( 3 )
toggle_mode = false
enabled_focus_mode = 2
shortcut = null
text = "Quit"
flat = false

[node name="sounds" type="SamplePlayer" parent="."]

config/polyphony = 1
config/samples = null
default/volume_db = 0.0
default/pitch_scale = 1.0
default/pan = 0.0
default/depth = 0.0
default/height = 0.0
default/filter/type = 0
default/filter/cutoff = 5000.0
default/filter/resonance = 1.0
default/filter/gain = 1.0
default/reverb_room = 2
default/reverb_send = 0.0
default/chorus_send = 0.0

[node name="music" type="StreamPlayer" parent="."]

stream/stream = ExtResource( 4 )
stream/play = false
stream/loop = true
stream/volume_db = -10.0
stream/autoplay = true
stream/paused = false
stream/loop_restart_time = 0.0
stream/buffering_ms = 500

[node name="version" type="Label" parent="."]

focus/ignore_mouse = true
focus/stop_mouse = true
size_flags/horizontal = 2
size_flags/vertical = 0
margin/left = 1216.0
margin/top = 672.0
margin/right = 1280.0
margin/bottom = 720.0
custom_fonts/font = ExtResource( 3 )
text = "v0.1"
valign = 1
percent_visible = 1.0
lines_skipped = 0
max_lines_visible = -1

[connection signal="pressed" from="panel/buttons/play" to="." method="_on_play_pressed"]

[connection signal="pressed" from="panel/buttons/settings" to="." method="_on_settings_pressed"]

[connection signal="pressed" from="panel/buttons/about" to="." method="_on_about_pressed"]

[connection signal="pressed" from="panel/buttons/quit" to="." method="_on_quit_pressed"]


