[gd_scene load_steps=12 format=1]

[ext_resource path="res://world/world.gd" type="Script" id=1]
[ext_resource path="res://gui/main_menu/kenney_mini.tres" type="DynamicFont" id=2]
[ext_resource path="res://world/kenney_mini.tres" type="DynamicFont" id=3]
[ext_resource path="res://world/Space Cadet.ogg" type="AudioStream" id=4]
[ext_resource path="res://scenes/planet/planet-a.png" type="Texture" id=5]
[ext_resource path="res://scenes/planet/planet-b.png" type="Texture" id=6]
[ext_resource path="res://player/player.tscn" type="PackedScene" id=7]
[ext_resource path="res://scenes/planet/planet.tscn" type="PackedScene" id=8]

[sub_resource type="SampleLibrary" id=1]


[sub_resource type="CircleShape2D" id=2]

custom_solver_bias = 0.0
radius = 32.0

[sub_resource type="CircleShape2D" id=3]

custom_solver_bias = 0.0
radius = 32.0

[node name="world" type="Node2D"]

script/script = ExtResource( 1 )

[node name="gui" type="Node2D" parent="."]

transform/pos = Vector2( 96, 96 )

[node name="time" type="Label" parent="gui"]

focus/ignore_mouse = true
focus/stop_mouse = true
size_flags/horizontal = 2
size_flags/vertical = 0
margin/left = -32.0
margin/top = -32.0
margin/right = 42.0
margin/bottom = -12.0
custom_fonts/font = ExtResource( 2 )
text = "Time: -1"
percent_visible = 1.0
lines_skipped = 0
max_lines_visible = -1

[node name="fps" type="Label" parent="gui"]

focus/ignore_mouse = true
focus/stop_mouse = true
size_flags/horizontal = 2
size_flags/vertical = 0
margin/left = -32.0
margin/top = 0.0
margin/right = 42.0
margin/bottom = 20.0
custom_fonts/font = ExtResource( 2 )
text = "FPS: -1"
percent_visible = 1.0
lines_skipped = 0
max_lines_visible = -1

[node name="health" type="Label" parent="gui"]

focus/ignore_mouse = true
focus/stop_mouse = true
size_flags/horizontal = 2
size_flags/vertical = 0
margin/left = -32.0
margin/top = 32.0
margin/right = 44.0
margin/bottom = 52.0
custom_fonts/font = ExtResource( 2 )
text = "Health: -1"
percent_visible = 1.0
lines_skipped = 0
max_lines_visible = -1

[node name="thruster-status" type="Label" parent="gui"]

focus/ignore_mouse = true
focus/stop_mouse = true
size_flags/horizontal = 2
size_flags/vertical = 0
margin/left = 480.0
margin/top = -32.0
margin/right = 595.0
margin/bottom = -12.0
custom_fonts/font = ExtResource( 3 )
text = "Thrusters: -1"
percent_visible = 1.0
lines_skipped = 0
max_lines_visible = -1

[node name="music" type="StreamPlayer" parent="."]

stream/stream = ExtResource( 4 )
stream/play = false
stream/loop = true
stream/volume_db = -15.0
stream/autoplay = true
stream/paused = false
stream/loop_restart_time = 0.0
stream/buffering_ms = 500

[node name="sounds" type="SamplePlayer" parent="."]

config/polyphony = 1
config/samples = SubResource( 1 )
default/volume_db = -20.0
default/pitch_scale = 1.0
default/pan = 0.0
default/depth = 0.0
default/height = 0.0
default/filter/type = 0
default/filter/cutoff = 5000.0
default/filter/resonance = 1.0
default/filter/gain = 1.0
default/reverb_room = 2
default/reverb_send = 0.0
default/chorus_send = 0.0

[node name="planet a" type="Area2D" parent="."]

editor/display_folded = true
transform/pos = Vector2( 96, 608 )
transform/scale = Vector2( 3, 3 )
input/pickable = true
shapes/0/shape = SubResource( 2 )
shapes/0/transform = Matrix32( 1, 0, 0, 1, 0, 0 )
shapes/0/trigger = false
gravity_vec = Vector2( 0, 1 )
gravity = 98.0
linear_damp = 0.1
angular_damp = 1.0
__meta__ = {
"_edit_group_": true
}

[node name="sprite" type="Sprite" parent="planet a"]

transform/pos = Vector2( -0.12356, 0 )
transform/scale = Vector2( 0.247104, 0.246154 )
texture = ExtResource( 5 )

[node name="collision" type="CollisionShape2D" parent="planet a"]

shape = SubResource( 2 )
trigger = false
_update_shape_index = 0

[node name="planet b" type="Area2D" parent="."]

transform/pos = Vector2( 1216, 640 )
transform/scale = Vector2( 2, 2 )
input/pickable = true
shapes/0/shape = SubResource( 3 )
shapes/0/transform = Matrix32( 1, 0, 0, 1, 0, 0 )
shapes/0/trigger = false
gravity_vec = Vector2( 0, 1 )
gravity = 98.0
linear_damp = 0.1
angular_damp = 1.0
__meta__ = {
"_edit_group_": true
}

[node name="sprite" type="Sprite" parent="planet b"]

transform/pos = Vector2( -0.367794, -0.367813 )
transform/scale = Vector2( 0.735632, 0.735632 )
texture = ExtResource( 6 )

[node name="collision" type="CollisionShape2D" parent="planet b"]

shape = SubResource( 3 )
trigger = false
_update_shape_index = 0

[node name="ship" parent="." instance=ExtResource( 7 )]

transform/pos = Vector2( 640, 352 )
z/z = 5

[node name="planet_a" parent="." instance=ExtResource( 8 )]

transform/pos = Vector2( 256, 352 )

[node name="planet_b" parent="." instance=ExtResource( 8 )]

transform/pos = Vector2( 1088, 352 )
transform/scale = Vector2( 2, 2 )

[connection signal="input_event" from="planet a" to="." method="_on_planet_a_input_event"]

[connection signal="input_event" from="planet b" to="." method="_on_planet_b_input_event"]


